<?xml version="1.0" encoding="UTF-8"?><collection><record><leader>05892ntm a2200637 a 4500</leader><controlfield tag="001">006815008</controlfield><controlfield tag="003">MiAaHDL</controlfield><controlfield tag="005">20190719000000.0</controlfield><controlfield tag="006">m        d        </controlfield><controlfield tag="007">cr bn ---auaua</controlfield><controlfield tag="008">090610s15uu    xx            00| ||chg d</controlfield><datafield tag="035" ind1=" " ind2=" "><subfield code="a">(MiU)006815008</subfield></datafield><datafield tag="035" ind1=" " ind2=" "><subfield code="a">sdr-miu006815008</subfield></datafield><datafield tag="040" ind1=" " ind2=" "><subfield code="a">MiU</subfield><subfield code="c">MiU</subfield><subfield code="e">amremm</subfield></datafield><datafield tag="041" ind1="1" ind2=" "><subfield code="a">chg</subfield><subfield code="a">per</subfield><subfield code="a">ara</subfield><subfield code="h">ara</subfield></datafield><datafield tag="043" ind1=" " ind2=" "><subfield code="a">n-us-mi</subfield></datafield><datafield tag="100" ind1="0" ind2=" "><subfield code="6">880-01</subfield><subfield code="a">Alisher Navoiĭ,</subfield><subfield code="d">1441-1501.</subfield></datafield><datafield tag="245" ind1="1" ind2="0"><subfield code="6">880-03</subfield><subfield code="a">Tarjamah-ʼi chihil ḥadīs̲ ,</subfield><subfield code="f">[16th century?].</subfield></datafield><datafield tag="246" ind1="3" ind2=" "><subfield code="i">Title from 'title page' (p.1):</subfield><subfield code="a">حديثه متعلق</subfield></datafield><datafield tag="246" ind1="3" ind2=" "><subfield code="a">Qirq ḣadis sharḣi</subfield></datafield><datafield tag="246" ind1="3" ind2=" "><subfield code="a">ترجمه چهل حديث</subfield></datafield><datafield tag="260" ind1=" " ind2=" "><subfield code="c">[15--?].</subfield></datafield><datafield tag="300" ind1=" " ind2=" "><subfield code="a">9 leaves :</subfield><subfield code="b">paper ;</subfield><subfield code="c">216 x 132 (138 x 73) mm.</subfield></datafield><datafield tag="500" ind1=" " ind2=" "><subfield code="a">Shelfmark: Ann Arbor, University of Michigan, Special Collections Library, Isl. Ms. 447</subfield></datafield><datafield tag="500" ind1=" " ind2=" "><subfield code="a">Origin: Lacks dated colophon ; decoration, paper, etc. would suggest 16th century.</subfield></datafield><datafield tag="500" ind1=" " ind2=" "><subfield code="a">Former shelfmark: "576 T. De M. [i.e. Tammaro De Marinis]" inscribed in pencil on verso of front flyleaf ; "123" inscribed in pencil on 'title page’ (p.1).</subfield></datafield><datafield tag="500" ind1=" " ind2=" "><subfield code="a">Binding: Pasteboards faced in blue cut velvet with red leather over spine and edges / turn-ins (velvet faced, leather edged, framed binding) ; Type III binding (without flap) ; pastedowns and flyleaves in dark yellow surface-dyed gold-flecked laid paper ; sewn in pink thread, four stations ; overall in fair condition with some abrasion and lifting of leather, text block fully detached from cover.</subfield></datafield><datafield tag="500" ind1=" " ind2=" "><subfield code="a">Support: non-European (likely Persianate) laid paper with 8-9 laid lines per cm. (vertical, somewhat distinct) and occasional pairs of chain lines (see p.6), sturdy, well-burnished (burnisher's marks visible), dark cream to beige in color ; flyleaves in European laid paper with watermarks "GHIGLIOTTI" (outer front flyleaf), shield with crown above and likely lion rampant within (front inner flyleaf), and eagle with wings spread (back inner flyleaf).</subfield></datafield><datafield tag="500" ind1=" " ind2=" "><subfield code="a">Decoration: Elegant illuminated headpiece (ʻunwān) at opening (p.2) of rectangular piece with cartouche in gold carrying title in white ترجمۀ چهل حديث accented by swirling vegetal pattern reminiscent of arabesque in pink, light blue, gold, red, orange, and white on fields of blue and gold ; surmounting the rectangular piece, a scalloped semi-circular piece (dome) set against another rectangular piece (both filled with similar vegetal pattern to that seen in lower piece) is itself surmounted by vertical stalks (tīgh) in blue ; written area of incipit page surrounded by frame consisting of gold and green bands with outermost blue fillet ; elsewhere writen area surrounded by frame consisting of a narrow gold bank outlined in black with outermost blue fillet ; preface and text of elucidation/paraphrase chrysographed ; ḥadīth text in blue.</subfield></datafield><datafield tag="500" ind1=" " ind2=" "><subfield code="a">Script: Nastaʻlīq ; elegant hand ; serifless with characteristic descent of words to baseline and superscripting of final words and letters ; elongation of horizontal strokes.</subfield></datafield><datafield tag="500" ind1=" " ind2=" "><subfield code="a">Layout: Written in roughly 9 lines per page, three of ḥadīth text and six of Chagatai elucidation with two of these divided to hemistiches and arranged on the diagonal ; frame-ruled.</subfield></datafield><datafield tag="500" ind1=" " ind2=" "><subfield code="a">Collation: ii, IV+1 (9), ii ; a composed anomalous quaternion formed of two joined single leaves, two whole bifolia, and a single leaf joined to a whole bifolium.</subfield></datafield><datafield tag="500" ind1=" " ind2=" "><subfield code="a">Explicit: "تمت ترجمه هذه الاربعين اى كه شخصينگى خالق فتاح ... كه بو نوع ايكى اربعين موجود بولسه شايد كه تاپقاسين مقصود يتسه مقصود مدعا بيرلا منى ياد ايتكاسين دعا بيرلا كه نواييغه اول دعا يتكاى بلبل روحىغه نواييتكاى"</subfield></datafield><datafield tag="500" ind1=" " ind2=" "><subfield code="a">Incipit: "صحیح ترین حدیثی که راویان مجالس دین ... این چهل کلمه است ازان کلمات فهم و حفظ را بر نظم ترکی ترجمه گر ده می آید امید ... لا يؤمن احدكم حتى يحب لاخيه ما يحب لنفسه مؤمن اير ماستور وركه ايماندين روزگاريده يوز صفا كورگاى..."</subfield></datafield><datafield tag="500" ind1=" " ind2=" "><subfield code="a">Title from headpiece at opening (fol.1b).</subfield></datafield><datafield tag="500" ind1=" " ind2=" "><subfield code="a">Ms. codex.</subfield></datafield><datafield tag="510" ind1="4" ind2=" "><subfield code="a">Pertsch, Arab. Handschr.,</subfield><subfield code="c">vol.i p.27</subfield></datafield><datafield tag="510" ind1="4" ind2=" "><subfield code="a">Alisher Navoiĭ. Arbaʺiĭn. Karimbek va Saidbek Ḣasan (nashrga taĭërlovchilar) ; Alibek Rustam (sharḣlovchi). Toshkent : "Meros", 1991.</subfield></datafield><datafield tag="520" ind1="8" ind2=" "><subfield code="a">Fine copy of Mir Ali Şîr Nevâî's [Navāʼī] Chagatai Turkish verse paraphrase of Jāmī's rendering of forty ḥadīth, with Persian preface, Arabic ḥadīth text, and Chagatai elucidation.</subfield></datafield><datafield tag="538" ind1=" " ind2=" "><subfield code="a">Mode of access: Internet.</subfield></datafield><datafield tag="541" ind1=" " ind2=" "><subfield code="c">Purchase ;</subfield><subfield code="a">Acquired by purchase (funds donated by Horace Rackham).</subfield><subfield code="d">1924.</subfield></datafield><datafield tag="546" ind1=" " ind2=" "><subfield code="a">Chagatai, Persian, and Arabic.</subfield></datafield><datafield tag="561" ind1=" " ind2=" "><subfield code="a">Possible former inventory mark on 'title page' (p.1) ; fairly clean copy.</subfield></datafield><datafield tag="650" ind1=" " ind2="0"><subfield code="a">Manuscripts, Arabic</subfield><subfield code="z">Michigan</subfield><subfield code="z">Ann Arbor.</subfield></datafield><datafield tag="650" ind1=" " ind2="0"><subfield code="a">Manuscripts, Persian</subfield><subfield code="z">Michigan</subfield><subfield code="z">Ann Arbor.</subfield></datafield><datafield tag="650" ind1=" " ind2="0"><subfield code="a">Manuscripts, Chagatai</subfield><subfield code="z">Michigan</subfield><subfield code="z">Ann Arbor.</subfield></datafield><datafield tag="650" ind1=" " ind2="0"><subfield code="a">Hadith</subfield><subfield code="v">Poetry</subfield><subfield code="v">Early works to 1800.</subfield></datafield><datafield tag="650" ind1=" " ind2="0"><subfield code="a">Hadith</subfield><subfield code="x">Criticism, interpretation, etc.</subfield><subfield code="v">Early works to 1800.</subfield></datafield><datafield tag="650" ind1=" " ind2="0"><subfield code="a">Hadith</subfield><subfield code="v">Texts</subfield><subfield code="v">Early works to 1800.</subfield></datafield><datafield tag="655" ind1=" " ind2="7"><subfield code="a">Headpieces (layout features)</subfield><subfield code="y">16th century.</subfield><subfield code="2">aat</subfield></datafield><datafield tag="700" ind1="0" ind2=" "><subfield code="a">Abdülhamid</subfield><subfield code="b">II,</subfield><subfield code="c">Sultan of the Turks,</subfield><subfield code="d">1842-1918,</subfield><subfield code="e">former owner.</subfield></datafield><datafield tag="700" ind1="0" ind2=" "><subfield code="a">جامى.</subfield><subfield code="t">اربعين.</subfield></datafield><datafield tag="700" ind1="0" ind2=" "><subfield code="a">Jāmī,</subfield><subfield code="d">1414-1492.</subfield><subfield code="t">Arbaʻīn.</subfield></datafield><datafield tag="773" ind1="0" ind2=" "><subfield code="a">Abdul Hamid Collection.</subfield></datafield><datafield tag="880" ind1="1" ind2="0"><subfield code="6">245-03/</subfield><subfield code="a">ترجمۀ چهل حدیث,</subfield><subfield code="f">[القرن 16م؟].</subfield></datafield><datafield tag="880" ind1="0" ind2=" "><subfield code="6">100-01/</subfield><subfield code="a">مير على شير نوائى.</subfield></datafield><datafield tag="CID" ind1=" " ind2=" "><subfield code="a">006815008</subfield></datafield><datafield tag="DAT" ind1="0" ind2=" "><subfield code="a">20190719102638.0</subfield><subfield code="b">20190719000000.0</subfield></datafield><datafield tag="DAT" ind1="1" ind2=" "><subfield code="a">20190719090653.0</subfield><subfield code="b">2019-07-19T16:11:55Z</subfield></datafield><datafield tag="DAT" ind1="2" ind2=" "><subfield code="a">2015-10-02T18:00:03Z</subfield></datafield><datafield tag="CAT" ind1=" " ind2=" "><subfield code="a">SDR-MIU</subfield><subfield code="d">EX LIBRIS - ALEPH</subfield><subfield code="l">prepare.pl-004-008</subfield></datafield><datafield tag="FMT" ind1=" " ind2=" "><subfield code="a">BK</subfield></datafield><datafield tag="HOL" ind1=" " ind2=" "><subfield code="0">sdr-miu006815008</subfield><subfield code="a">MiU</subfield><subfield code="b">SDR</subfield><subfield code="c">MIU</subfield><subfield code="p">mdp.39015079129238</subfield><subfield code="s">MIU</subfield><subfield code="1">006815008</subfield></datafield><datafield tag="974" ind1=" " ind2=" "><subfield code="b">MIU</subfield><subfield code="c">MIU</subfield><subfield code="d">20190719</subfield><subfield code="s">lit-dlps-dc</subfield><subfield code="u">mdp.39015079129238</subfield><subfield code="y">1599</subfield><subfield code="r">pd</subfield><subfield code="q">bib</subfield><subfield code="t">non-US bib date1 &lt; 1879</subfield></datafield></record></collection>